@ONLINE{FIA,
	title = {{Fuel economy And The UN's Post 2015 Sustainable Development Goals}},
    author = {{GFEI}},
    year = {2015},
    url = {https://www.fiafoundation.org/media/44001/fuel-economy-and-un-post-2015-sdg.pdf}
}

@ONLINE{IEB,
	title = {{Changes in Fuel Economy: An analysis of the Spanish Car Market}},
    author = {{Anna Matas}},
    year = {2016},
    url = {http://ssrn.com/abstract=2796192}
}

@ONLINE{NRC,
	title = {{Learn the facts: Weight affects fuel consumption}},
    author = {{Natural Resources Canada}},
    year = {2016},
    url = {http://www.nrcan.gc.ca/energy/efficiency/transportation/cars-light-trucks/buying/16755}
}

@ONLINE{IWU,
	title = {{What factors affect average fuel economy in US passenger Vehicles?}},
    author = {{Gautam,S.}},
    year = {2010},
    url = {http://digitalcommons.iwu.edu/econ_honproj/104/}
}